@article{Garcia-Rangel2012Andean,
  title = {Andean Bear {{Tremarctos}} Ornatus Natural History and Conservation},
  author = {{Garc{\'i}a-Rangel}, Shaenandhoa},
  year = {2012},
  journal = {Mammal Review},
  volume = {42},
  number = {2},
  pages = {85--119},
  issn = {03051838},
  doi = {10.1111/j.1365-2907.2011.00207.x},
  isbn = {03051838}
}

@incollection{Garshelis2009Family,
  title = {Family {{Ursidae}} ({{Bears}})},
  booktitle = {Handbook of the {{Mammals}} of the {{World}} 1},
  author = {Garshelis, D. L.},
  year = {2009},
  edition = {Lynx Ediciones},
  volume = {1},
  pages = {448--497}
}

@article{Goldstein2006Andean,
  title = {Andean Bear \textendash{} Livestock Conflicts : A Review},
  author = {Goldstein, Isaac and Paisley, Susanna and Wallace, Robert and Jorgenson, Jeffrey P and Cuesta, Francisco and Castellanos, Armando},
  year = {2006},
  journal = {Ursus},
  volume = {17},
  number = {September},
  pages = {8--15},
  doi = {10.2192/1537-6176(2006)17}
}

@book{Hunt1998Ursidaea,
  title = {Ursidae. {{Evolution}} of Tertiary Mammals of {{North America}}. {{Volume}} 1: Terrestrial Carnivores, Ungulates and Ungulatelike Mammals, 174\textendash 195},
  author = {Hunt, R. M.},
  year = {1998},
  publisher = {{London: Cambridge University Press}}
}

@article{Kattan2004Range,
  title = {Range Fragmentation of the Spectacled Bear {{Tremarctos}} Ornatus in the Northern {{Andes}}},
  author = {Kattan, G. and Hern{\'a}ndez, O. and Goldstein, I. and Rojas, V. and Murillo, O. and G{\'o}mez, C. and Restrepo, H. and Cuesta, F.},
  year = {2004},
  journal = {Oryx},
  volume = {38},
  number = {2},
  pages = {1--10},
  issn = {0030-6053},
  isbn = {0030-6053}
}

@book{Nowak1999Walker,
  title = {Walker's {{Mammals}} of the {{World}}},
  author = {Nowak, Ronald M.},
  year = {1999},
  publisher = {{Johns Hopkins University Press}},
  doi = {10.56021/9780801857898},
  urldate = {2023-09-20},
  isbn = {978-0-8018-5789-8},
  langid = {english}
}

@article{Paisley2006Activity,
  title = {Activity Patterns and Time Budgets of {{Andean}} Bears ({{Tremarctos}} Ornatus) in the {{Apolobamba Range}} of {{Bolivia}}},
  author = {Paisley, S. and Garshelis, D. L.},
  year = {2006},
  journal = {Journal of Zoology},
  volume = {268},
  number = {1},
  pages = {25--34},
  issn = {09528369},
  doi = {10.1111/j.1469-7998.2005.00019.x},
  isbn = {0952-8369}
}

@article{Quintero2023Andean,
  title = {Andean Bear Gastrointestinal Parasites in {{Chingaza Massif}}, {{Colombia}}},
  author = {Quintero, Laura R. and {Pulido-Villamar{\'i}n}, Adriana and {Parra-Romero}, {\'A}ngela and {Casta{\~n}eda-Salazar}, Rubiela and {P{\'e}rez-Torres}, Jairo and {Vela-Vargas}, I. Mauricio},
  year = {2023},
  journal = {Ursus},
  volume = {2023},
  number = {34e4},
  pages = {1--10},
  publisher = {{International Association for Bear Research and Management}},
  issn = {1537-6176, 1938-5439},
  doi = {10.2192/URSUS-D21-00020.1},
  urldate = {2023-09-20}
}

@book{Rodriguez2003Ecoregional,
  title = {Ecoregional Strategy for the Conservation of the Spectacled Bear ({{Tremarctos}} Ornatus) in the Northern {{Andes}}},
  author = {Rodr{\'i}guez, D and Cuesta, F and Goldstein, I and Naranjo, L G and Hern{\'a}ndez, O L and Bracho, A E},
  editor = {Rodr{\'i}guez, D and Cuesta, F and Goldstein, I and Naranjo, L G and Hern{\'a}ndez, O L and Bracho, A E},
  year = {2003},
  journal = {World Wildlife Fund, Fundaci\{\'o\}n Wii, EcoCiencia, Wildlife Conservation Society},
  publisher = {{World Wildlife Found (WWF), Fundaci\'on Wii, EcoCiencia, Wildlife Conservation Society (WCS)}}
}

@article{Sanchez-Mercado2008Factors,
  title = {Factors Affecting Poaching Risk to {{Vulnerable Andean}} Bears {{Tremarctos}} Ornatus in the {{Cordillera}} de {{M\'erida}}, {{Venezuela}}: Space, Parks and People},
  author = {{S{\'a}nchez-Mercado}, Ada and {Ferrer-Paris}, Jos{\'e} R. and Yerena, Edgard and {Garc{\'i}a-Rangel}, Shaenandhoa and {Rodr{\'i}guez-Clark}, Kathryn M.},
  year = {2008},
  journal = {Oryx},
  volume = {42},
  number = {3},
  pages = {437--447},
  publisher = {{Cambridge University Press}},
  issn = {1365-3008, 0030-6053},
  doi = {10.1017/S0030605308006996},
  urldate = {2023-09-20},
  langid = {english}
}

@article{Solari2013Riqueza,
  title = {{Riqueza, Endem\'ismo y conservaci\'on de los mam\'iferos de Colombia}},
  author = {Solari, Sergio and {Mu{\~n}oz-Saba}, Yaneth and {Rodr{\'i}guez-Mahecha}, Jos{\'e} V and Defler, Thomas R and {Ram{\'i}rez-Chaves}, H{\'e}ctor E},
  year = {2013},
  langid = {spanish}
}

@article{Vela-Vargas2021Tremarctos,
  title = {Tremarctos Ornatus ({{Carnivora}}: {{Ursidae}})},
  author = {{Vela-Vargas}, I. Mauricio and Jorgenson, Jeffrey P. and {Gonz{\'a}lez-Maya}, Jos{\'e} F. and Koprowski, John L.},
  year = {2021},
  journal = {Mammalian Species},
  volume = {53},
  number = {1006},
  pages = {78--94},
  publisher = {{American Society of Mammalogists}},
  issn = {0076-3519, 1545-1410},
  doi = {10.1093/mspecies/seab008},
  urldate = {2023-09-20}
}

@article{Velasquez-Tibata2019Biomodelos,
  title = {{{BioModelos}}: {{A}} Collaborative Online System to Map Species Distributions},
  author = {{Vel{\'a}squez-Tibat{\'a}}, Jorge and {Olaya-Rodr{\'i}guez}, Mar{\'i}a H. and {L{\'o}pez-Lozano}, Daniel and Guti{\'e}rrez, C{\'e}sar and Gonz{\'a}lez, Iv{\'a}n and {Londo{\~n}o-Murcia}, Mar{\'i}a C.},
  year = {2019},
  journal = {PLOS ONE},
  volume = {14},
  number = {3},
  pages = {e0214522},
  publisher = {{Public Library of Science}},
  issn = {1932-6203},
  doi = {10.1371/journal.pone.0214522},
  urldate = {2023-09-20},
  langid = {english}
}
